<record><leader>00000cas a2200000 a 4500</leader><controlfield tag="001">12272338</controlfield><controlfield tag="008">850717d18681897miuwr ne      0    0ger c</controlfield><datafield ind1=" " ind2=" " tag="010"><subfield code="a">sn 85026559 </subfield></datafield><datafield ind1=" " ind2=" " tag="040"><subfield code="a">NPX</subfield><subfield code="b">eng</subfield><subfield code="c">NPX</subfield><subfield code="d">NNX</subfield><subfield code="d">YOX</subfield><subfield code="d">MHN</subfield><subfield code="d">OCL</subfield><subfield code="d">OCLCQ</subfield><subfield code="d">OCLCF</subfield><subfield code="d">OCLCO</subfield></datafield><datafield ind1=" " ind2=" " tag="042"><subfield code="a">pcc</subfield></datafield><datafield ind1=" " ind2=" " tag="043"><subfield code="a">n-us-mi</subfield></datafield><datafield ind1="0" ind2="0" tag="245"><subfield code="a">Saginaw Zeitung.</subfield></datafield><datafield ind1=" " ind2=" " tag="260"><subfield code="a">East Saginaw [i.e. Saginaw, Mich.] :</subfield><subfield code="b">Constantin Beierle</subfield></datafield><datafield ind1=" " ind2=" " tag="300"><subfield code="a">v.</subfield></datafield><datafield ind1=" " ind2=" " tag="310"><subfield code="a">Weekly</subfield></datafield><datafield ind1="1" ind2=" " tag="362"><subfield code="a">Began with Sept. 1, 1868 issue; ceased in 1897?</subfield><subfield code="z">Cf. Arndt &amp; Olson. German lang. press.</subfield></datafield><datafield ind1=" " ind2=" " tag="546"><subfield code="a">In German.</subfield></datafield><datafield ind1=" " ind2=" " tag="580"><subfield code="a">Merged with: Saginaw Post, to form: Saginaw Post-Zeitung.</subfield></datafield><datafield ind1=" " ind2=" " tag="588"><subfield code="a">Description based on: Jahrg. 6, Nr. 40 (24. Sept. 1874).</subfield></datafield><datafield ind1=" " ind2="0" tag="650"><subfield code="a">Germans</subfield><subfield code="z">Michigan</subfield><subfield code="v">Newspapers.</subfield></datafield><datafield ind1=" " ind2="0" tag="651"><subfield code="a">Saginaw (Mich.)</subfield><subfield code="v">Newspapers.</subfield></datafield><datafield ind1=" " ind2="0" tag="651"><subfield code="a">Saginaw County (Mich.)</subfield><subfield code="v">Newspapers.</subfield></datafield><datafield ind1=" " ind2="7" tag="655"><subfield code="a">Newspapers.</subfield><subfield code="2">fast</subfield><subfield code="0">(OCoLC)fst01423814</subfield></datafield><datafield ind1=" " ind2="7" tag="650"><subfield code="a">Germans.</subfield><subfield code="2">fast</subfield><subfield code="0">(OCoLC)fst00942100</subfield></datafield><datafield ind1=" " ind2="7" tag="651"><subfield code="a">Michigan.</subfield><subfield code="2">fast</subfield><subfield code="0">(OCoLC)fst01208387</subfield></datafield><datafield ind1=" " ind2="7" tag="651"><subfield code="a">Michigan</subfield><subfield code="z">Saginaw.</subfield><subfield code="2">fast</subfield><subfield code="0">(OCoLC)fst01210104</subfield></datafield><datafield ind1=" " ind2="7" tag="651"><subfield code="a">Michigan</subfield><subfield code="z">Saginaw County.</subfield><subfield code="2">fast</subfield><subfield code="0">(OCoLC)fst01202880</subfield></datafield><datafield ind1=" " ind2=" " tag="752"><subfield code="a">United States</subfield><subfield code="b">Michigan</subfield><subfield code="c">Saginaw</subfield><subfield code="d">East Saginaw.</subfield></datafield><datafield ind1=" " ind2=" " tag="752"><subfield code="a">United States</subfield><subfield code="b">Michigan</subfield><subfield code="c">Saginaw</subfield><subfield code="d">Saginaw.</subfield></datafield><datafield ind1="0" ind2=" " tag="775"><subfield code="t">Ta&#776;gliche Saginaw Zeitung</subfield></datafield><datafield ind1="0" ind2=" " tag="775"><subfield code="t">Sonntagsblatt der Saginaw Zeitung</subfield></datafield><datafield ind1="1" ind2="7" tag="785"><subfield code="t">Saginaw Post</subfield><subfield code="w">(DLC)sn 97063049</subfield><subfield code="w">(OCoLC)36240913</subfield></datafield><datafield ind1="1" ind2="7" tag="785"><subfield code="t">Saginaw Post-Zeitung</subfield><subfield code="w">(DLC)sn 97063050</subfield><subfield code="w">(OCoLC)36241121</subfield></datafield></record>